<?xml version="1.0" encoding="UTF-8"?><collection xmlns="http://www.loc.gov/MARC21/slim"><record><leader>00517nam--2200181-u-4500</leader><controlfield tag="001">000055692</controlfield><controlfield tag="002">20161230</controlfield><controlfield tag="005">20161230201052</controlfield><controlfield tag="008">130328s1000------------r-----000-0-eng-d</controlfield><datafield ind1=" " ind2=" " tag="040"><subfield code="a">IFIN-HH</subfield></datafield><datafield ind1=" " ind2=" " tag="080"><subfield code="a">53</subfield></datafield><datafield ind1="1" ind2=" " tag="100"><subfield code="a">Yuan, Luke C.L</subfield></datafield><datafield ind1="1" ind2="0" tag="245"><subfield code="a">Methods of experimental physics:</subfield><subfield code="b">Vol. 5 nuclear physics part a</subfield><subfield code="c">Luke c.l. yuan, chien-shiung wu (eds.)</subfield></datafield><datafield ind1=" " ind2=" " tag="260"><subfield code="a">New York</subfield><subfield code="b">Academic Press</subfield><subfield code="c">1961</subfield></datafield><datafield ind1=" " ind2=" " tag="300"><subfield code="a">XIX+733P</subfield></datafield><datafield ind1="1" ind2=" " tag="700"><subfield code="a">Wu, Chien-shiung</subfield><subfield code="e">Ed</subfield></datafield><datafield ind1=" " ind2=" " tag="852"><subfield code="a">14584</subfield><subfield code="c">H.H</subfield></datafield><datafield ind1=" " ind2=" " tag="CAT"><subfield code="a">Sys</subfield><subfield code="c">20130328</subfield><subfield code="h">130652</subfield></datafield></record></collection>